
@online{DockerCapitalization,
  author =       "GeekWire",
  year =         "2016",
  title =        "‘Monetization is coming’: Docker CEO Ben Golub on revenue, user growth and the future of containers",
  url =          "https://www.geekwire.com/2016/monetization-coming-docker-ceo-ben-golub-revenue-user-growth-future-containers/",
  month = 	 jun,
  lastaccessed = "October 28, 2017",
}

@online{DockerImpact,
  author =       "GeekWire",
  year =         "2014",
  title =        "The Potentially Pervasive Impact of Docker",
  url =          "https://www.virtualizationpractice.com/potentially-pervasive-impact-docker-30016/",
  month = 	 dec,
  lastaccessed = "October 28, 2017",
}


@online{CGroupsDefinition,
  author =       "RedHat Customer Portal",
  year =         "2016",
  title =        "What is a container",
  url =          "https://access.redhat.com/documentation/en-us/red_hat_enterprise_linux/6/html/resource_management_guide/ch01",
  month = 	 dec,
  lastaccessed = "October 21, 2017",
}

@online{CGroupsMerged,
  author =       "Chiachih Wu et al.",
  year =         "2014",
  title =        "Airbag: boosting Smartphone resistance to Malware Infection",
  url =          "http://slideplayer.com/slide/6579217/23/",
  month = 	 mar,
  lastaccessed = "October 26, 2017",
}

@online{ParavirtualizationDefinition,
  author =       "Xen Project",
  year =         "2015",
  title =        "What is a container",
  url =           "https://wiki.xen.org/wiki/Paravirtualization_(PV)",
  month = 	 apr,
  lastaccessed = "October 21, 2017",
}

@online{ParavirtualizationPic,
  author =       "Xen Project",
  year =         "2015",
  title =        "Paravirtualization scheme",
  url =           "https://wiki.xen.org/wiki/File:XenPV.png",
  month = 	 apr,
  lastaccessed = "October 21, 2017",
}

@online{VirtualizationProblems,
  author =       "Xen Project",
  year =         "2015",
  title =        "What is a container",
  url =           "http://ixbtlabs.com/articles2/cm/virtualization-problems-page1.html",
  month = 	 apr,
  lastaccessed = "October 21, 2017",
}

@online{DockerDefinition,
  author =       "Docker Incorporated",
  year =         "2011",
  title =        "What is a container",
  url =           "https://www.docker.com/what-container",
  month = 	 oct,
  lastaccessed = "October 21, 2017",
}

@online{DockerEfficiency,
  author =       "Docker Incorporated",
  year =         "2011",
  title =        "What is a container",
  url =           "https://blog.docker.com/2017/09/microsoft-sql-on-docker-ee/",
  month = 	 oct,
  lastaccessed = "October 21, 2017",
}

@online{DockerContainerPic,
  author =       "Docker Incorporated",
  year =         "2011",
  title =        "What is a container",
  url =           "https://www.docker.com/what-container",
  month = 	 oct,
  lastaccessed = "October 21, 2017",
}

@online{DockerArch,
  author =       "Docker Incorporated",
  year =         "2011",
  title =        "Docker architecture",
  url =           "https://docs.docker.com/engine/docker-overview/",
  month = 	 oct,
  lastaccessed = "October 21, 2017",
}

@online{DockerLinuxKernelPic,
  author =       "Docker Incorporated",
  year =         "2011",
  title =        "Docker architecture",
  url =           "https://access.redhat.com/webassets/avalon/d/Red_Hat_Enterprise_Linux_Atomic_Host-7-Getting_Started_with_Containers-en-US/images/lxc_architecture.png
",
  month = 	 oct,
  lastaccessed = "October 21, 2017",
}

@online{DockerCGroupsPic,
  author =       "Docker Incorporated",
  year =         "2011",
  title =        "Docker architecture",
  url =           "http://www.oracle.com/ocom/groups/public/@otn/documents/digitalasset/1506615.gif",
  month = 	 oct,
  lastaccessed = "October 21, 2017",
}

@online{DockerFilePic,
  author =       "Andreas Koop",
  year =         "2017",
  title =        "Docker architecture",
  url =           "https://image.slidesharecdn.com/201511-weblogic-im-docker-container-151216224332/95/weblogic-im-docker-container-8-638.jpg?cb=1450305892",
  month = 	 nov,
  lastaccessed = "October 21, 2017",
}

@online{DockerComposeFilePic,
  author =       "Docker Inc.",
  year =         "2017",
  title =        "Docker compose overview",
  url =           "https://docs.docker.com/compose/overview/",
  month = 	 nov,
  lastaccessed = "October 21, 2017",
}

@online{DockerSwarmPic,
  author =       "Docker Inc.",
  year =         "2017",
  title =        "How nodes work",
  url =           "https://docs.docker.com/engine/swarm/how-swarm-mode-works/nodes/",
  month = 	 nov,
  lastaccessed = "October 21, 2017",
}

@online{DockerSELinuxPic,
  author =       "Docker Incorporated",
  year =         "2011",
  title =        "Docker architecture",
  url =           "https://access.redhat.com/documentation/en-US/Red_Hat_Enterprise_Linux/5/html/Deployment_Guide/images/SELinux_Decision_Process.png",
  month = 	 oct,
  lastaccessed = "October 21, 2017",
}

@online{DockerNamespaces,
  author =       "Docker Incorporated",
  year =         "2015",
  title =        "Docker architecture - Namespaces",
  url =           "https://docs.docker.com/engine/docker-overview/#namespaces",
  month = 	 aug,
  lastaccessed = "October 21, 2017",
}

@online{DockerSuccessNamespaces,
  author =       "Paul Novaerse",
  year =         "2016",
  title =        "Introduction to User Namespaces in Docker Engine",
  url =           "https://success.docker.com/KBase/Introduction_to_User_Namespaces_in_Docker_Engine",
  month = 	 mar,
  lastaccessed = "October 21, 2017",
}


@online{TraditionalAndVirtualInfra,
  author =       "TechTarget",
  year =         "2014",
  title =        "Traditional and virtual infrastructure",
  url =           "https://cdn-images-1.medium.com/max/1200/1*L9hWIKdhkbeawViImDeecA.jpeg",
  month = 	 jan,
  lastaccessed = "October 21, 2017",
}

@online{TraditionalAndVirtualInfra1,
  author =       "TechTarget",
  year =         "2014",
  title =        "Traditional and virtual infrastructure",
  url =           "https://cdn-images-1.medium.com/max/1200/1*L9hWIKdhkbeawViImDeecA.jpeg",
  month = 	 jan,
  lastaccessed = "October 21, 2017",
}

@online{SELinuxDef,
  author =       "SELinux Project",
  year =         "2010",
  title =        "What is SELinux",
  url =           "https://selinuxproject.org/page/Main_Page",
  month = 	 feb,
  lastaccessed = "October 23, 2017",
}

@online{SELinuxDockBlog,
  author =       "Nathan McCauley",
  year =         "2016",
  title =        "Your Software is Safer in Docker Containers",
  url =           "https://blog.docker.com/2016/08/software-security-docker-containers/",
  month = 	 aug,
  lastaccessed = "October 23, 2017",
}

@online{DockerMachine,
  author =       "Nathan McCauley",
  year =         "2016",
  title =        "Your Software is Safer in Docker Containers",
  url =           "https://docs.docker.com/machine/overview/",
  month = 	 aug,
  lastaccessed = "October 23, 2017",
}

@online{MTBAHeise,
  author =       "Nathan McCauley",
  year =         "2016",
  title =        "Your Software is Safer in Docker Containers",
  url =           "https://www.heise.de/developer/artikel/Multi-Tier-Applikationen-mit-Docker-Compose-Machine-und-Swarm-3014669.html?seite=2",
  month = 	 aug,
  lastaccessed = "October 23, 2017",
}

@online{DockerSwarmHowNodesWork,
  author =       "Docker Inc.",
  year =         "2016",
  title =        "Docker Swarm - how nodes work",
  url =           "https://docs.docker.com/engine/swarm/how-swarm-mode-works/nodes/",
  month = 	 sept,
  lastaccessed = "October 23, 2017",
}

@online{DockerKubernetesSupport,
  author =       "Banjot Chanana",
  year =         "2017",
  title =        "Extending Docker Enterprise Edition to Support Kubernetes",
  url =           "https://blog.docker.com/2017/10/docker-enterprise-edition-kubernetes/",
  month = 	 oct,
  lastaccessed = "October 31, 2017",
}

@online{DockerCompose,
  author =       "Nathan McCauley",
  year =         "2016",
  title =        "Docker Compose overview",
  url =           "https://docs.docker.com/compose/overview/",
  month = 	 aug,
  lastaccessed = "October 23, 2017",
}

@online{DockerMachinePic,
  author =       "Nathan McCauley",
  year =         "2016",
  title =        "Docker Machine",
  url =           "https://sreeninet.files.wordpress.com/2015/05/docker4.png",
  month = 	 aug,
  lastaccessed = "October 23, 2017",
}

@online{DockerSwarmDefinition,
  author =       "Margaret Rouse",
  year =         "2015",
  title =        "Definition Docker Swarm",
  url =           "http://searchitoperations.techtarget.com/definition/Docker-Swarm",
  month = 	 nov,
  lastaccessed = "October 31, 2017",
}

% with bibfield 'type' before chapter (note no editor)
@INBOOK{AdrMouCapabilities:2016,
 author = {Adrian Mouat},
 type = {Chapter 13: Security and limiting containers},
 chapter = {Limit capabilities},
 title = {Using Docker: developing and deploying software in containers},
 year = {2016},
 isbn = {978-1-491-91576-9},
 pages = {313},
 numpages = {1},
 url = {},
 acmid = {},
 publisher = {O'Reilly Publishing},
 address = {Sebastopol, CA, USA},
}

@INBOOK{AdrMouUFS:2016,
 author = {Adrian Mouat},
 type = {Chapter 9: Deploying containers},
 chapter = {Limit capabilities},
 title = {Using Docker: developing and deploying software in containers},
 year = {2016},
 isbn = {978-1-491-91576-9},
 pages = {157-158},
 numpages = {2},
 url = {},
 acmid = {},
 publisher = {O'Reilly Publishing},
 address = {Sebastopol, CA, USA},
}

@INBOOK{AdrMouUFSAdvise:2016,
 author = {Adrian Mouat},
 type = {Chapter 9: Deploying containers},
 chapter = {Limit capabilities},
 title = {Using Docker: developing and deploying software in containers},
 year = {2016},
 isbn = {978-1-491-91576-9},
 pages = {159},
 numpages = {1},
 url = {},
 acmid = {},
 publisher = {O'Reilly Publishing},
 address = {Sebastopol, CA, USA},
}

@INBOOK{AdrMouContainerUsage:2016,
 author = {Adrian Mouat},
 type = {Chapter 4: Docker fundamentals},
 chapter = {Common Docker commands},
 title = {Using Docker: developing and deploying software in containers},
 year = {2016},
 isbn = {978-1-491-91576-9},
 pages = {56-61},
 numpages = {5},
 url = {},
 acmid = {},
 publisher = {O'Reilly Publishing},
 address = {Sebastopol, CA, USA},
}

@INBOOK{AdrMouContainersBinaries:2016,
 author = {Adrian Mouat},
 type = {Chapter 1: The What and Why of Containers},
 chapter = {Container Versus VMs},
 title = {Using Docker: developing and deploying software in containers},
 year = {2016},
 isbn = {978-1-491-91576-9},
 pages = {4-5},
 numpages = {2},
 url = {},
 acmid = {},
 publisher = {O'Reilly Publishing},
 address = {Sebastopol, CA, USA},
}
